<?xml version="1.0" encoding="UTF-8"?><collection xmlns="http://www.loc.gov/MARC21/slim"><record><leader>00389nam--2200121-i-4500</leader><controlfield tag="001">000019475</controlfield><controlfield tag="002">20161230</controlfield><controlfield tag="005">20161230201033</controlfield><controlfield tag="008">060222s1000------------r-----000-0-eng-d</controlfield><datafield ind1=" " ind2=" " tag="080"><subfield code="a">061.62(047)(494):621.039.5(047)(494)</subfield></datafield><datafield ind1=" " ind2=" " tag="245"><subfield code="a">Eidgenossisches institut fur reaktorforschung. jahresbericht:1972</subfield></datafield><datafield ind1=" " ind2=" " tag="260"><subfield code="a">Wurenlingen, Eidgenossisches Institut Fur Reaktorforschung, 1973 -</subfield></datafield><datafield ind1=" " ind2=" " tag="852"><subfield code="a">39160</subfield></datafield></record></collection>